
@article{gentzkow2014code,
  title={Code and data for the social sciences: A practitionerâ€™s guide},
  author={Gentzkow, Matthew and Shapiro, Jesse M.},
  journal={University of Chicago mimeo},
  year={2014},
  note={\url{https://web.stanford.edu/~gentzkow/research/CodeAndData.pdf}}
}


@article{sargent2019lectures,
  title={Lectures in quantitative economics with Python},
  author={Sargent, Thomas J. and Stachurski, John},
  journal={mimeo},
  year={2019},
  note={\url{https://lectures.quantecon.org/_downloads/pdf/py/Quantitative\%20Economics\%20with\%20Python.pdf}}
}